@online{rmgwiki,
  title={{Construction and Management Simulation}},
  url={https://en.wikipedia.org/wiki/Construction_and_management_simulation},
  urldate={2022-02-20}
}

@online{rmgwiki,
  title={{Construction and Management Simulation}},
  url={https://en.wikipedia.org/wiki/Construction_and_management_simulation},
  urldate={2022-02-20}
}