 % DEFINITION
@online{definition:ressourcemanagement,
  title={What is Resource Management and Why Is It Important?},
  url={https://www.planview.com/resources/guide/resource-management-software/resource-management-leverage-people-budgets/},
  urldate={2022-08-07},
}

 @book{book:gamedesign:resources, 
  place={Berkeley, CA}, 
  title={Game mechanics: Advanced game design}, 
  publisher={New Riders}, 
  author={Adams, Ernest W. and Dormans, Joris}, 
  year={2012},
  page={60}
 } 
 @book{book:gamedesign:economy, 
  place={Berkeley, CA}, 
  title={Game mechanics: Advanced game design}, 
  publisher={New Riders}, 
  author={Adams, Ernest W. and Dormans, Joris}, 
  year={2012},
  pages={61-62}
 } 
@online{definition:ressourcemanagementfandom,
  title={Resource Management, Game Mechanics Fandom},
  url={https://gamemechanics.fandom.com/wiki/Resource_Management},
  urldate={2022-08-07},
}
@online{chesspieces,
  title={Chess Piece Value},
  url={https://www.chess.com/terms/chess-piece-value},
  urldate={2022-08-07},
}
@online{definition:economy,
  title={Definition einer Wirtschaft},
  url={https://wirtschaftslexikon.gabler.de/definition/wirtschaft-54080},
  urldate={2022-08-08},
}
@online{article:medium:economy,
  title={The Pillars of Internal Economy — An Introduction to Game Economics},
  url={https://yvensserpa.medium.com/the-pillars-of-internal-economy-an-introduction-to-game-economics-38d8e73d5afa},
  urldate={2022-08-08},
  author={Yvens Serpa},
  day={16},
  month={Oktober},
  year={2020}
}

@misc{paper:information,
author = {Mathevet, Laurent and Perego, Jacopo and Taneva, Ina},
year = {2017},
month = {02},
title = {On Information Design in Games},
doi = {10.13140/RG.2.2.35431.34724}
}

@online{article:fogofwar,
  title={What Is Fog of War?},
  url={https://nerdburglars.net/what-is-fog-of-war/},
  urldate={2022-08-08},
  author={Dan Hastings},
  day={5},
  month={Oktober},
  year={2019}
}

@online{article:events,
  title={How Event-Driven Game Design Keeps The Player Guessing},
  url={https://game-wisdom.com/critical/event-driven-game-design},
  urldate={2022-08-08},
  author={Josh Bycer},
  day={8},
  month={Dezember},
  year={2016}
}



@online{rmgwiki,
  title={{Construction and Management Simulation}},
  url={https://en.wikipedia.org/wiki/Construction_and_management_simulation},
  urldate={2022-02-20}
}

% AOE 
@online{aoe,
  title={IGDB Eintrag von Age of Empires},
  url={https://www.igdb.com/games/age-of-empires},
  urldate={2022-08-02}
}

@online{aoe2,
  title={Age of Empires Official Page},
  url={https://www.ageofempires.com/games/aoe/},
  urldate={2022-08-03}
}
@online{aoepcgames,
  title={PC Games Test, Spiel des Monats},
  author={Thomas Borovskis},
  url={https://www.pcgames.de/15-Jahre-PC-Games-Thema-206368/Tests/Age-of-Empires-612590/},
  urldate={2022-08-04}
}
@online{aoepcplayer,
  title={PC Player Magazin},
  url={https://archive.org/details/PC-Player-German-Magazine-1997-12/page/n77/mode/1up},
  urldate={2022-08-04},
  date={1997}
}

@online{aoepowerplay,
  title={Power Play},
  url={https://archive.org/details/powerplaymagazine-1997-11/page/n121/mode/1up},
  urldate={2022-08-04},
  date={1997}
}
@online{aoegamerankings,
  title={GameRankings Metacritic},
  url={https://web.archive.org/web/20160305152046/http://www.gamerankings.com/pc/90380-age-of-empires/index.html},
  urldate={2022-08-04}
}
@online{aoe:ressources,
  title={Age of Empires Ressourcen},
  url={https://ageofempires.fandom.com/wiki/Resource},
  urldate={2022-08-04}
}
@online{aoe:technologies,
  title={Age of Empires Technologien},
  url={https://ageofempires.fandom.com/wiki/Technology_(Age_of_Empires)},
  urldate={2022-08-05}
}
% /AOE
% CIV
@online{civ,
  title={Civilization 1},
  url={https://web.archive.org/web/20150918012513/https://www.civilization.com/en/games/civilization-i/},
  urldate={2022-08-04}
}

@online{civigdb,
  title={IGDB Eintrag von Civilization},
  url={https://www.igdb.com/games/sid-meiers-civilization},
  urldate={2022-08-04}
}

@online{civhistory,
  title={Entstehungsgeschichte von Civilization},
  url={https://web.archive.org/web/20140222210101/http://www.gamasutra.com/view/feature/1523/the_history_of_civilization.php?print=1},
  urldate={2022-08-04}
}
@online{civall,
  title={Liste aller verzeichneten Civilization Spiele},
  url={https://www.igdb.com/collections/civilization},
  urldate={2022-08-04}
}
@online{civallcompare,
  title={Vergleich Civilization Spiele},
  url={https://www.pcgamesn.com/best-civilization-games},
  urldate={2022-08-04}
}
@online{civbe,
  title={IGDB Eintrag von Sid Meier's Civilization: Beyond Earth},
  url={https://www.igdb.com/games/sid-meiers-civilization-beyond-earth},
  urldate={2022-08-04}
}
@online{civwin,
  title={Siegbedingungen Civilization},
  url={https://civilization.fandom.com/wiki/Victory_(Civ1)},
  urldate={2022-08-04}
}
@online{civ:review:allgame,
  title={Rezension Civilization AllGame},
  url={https://web.archive.org/web/20141115032525/http://www.allgame.com/game.php?id=20216&tab=review},
  urldate={2022-08-04}
}
@online{civ:review:gameinformer,
  title={Rezension Civilization Game Informer},
  url={https://web.archive.org/web/19971120012730/http://www.gameinformer.com/oct95/civ.htm},
  urldate={2022-08-04}
}
@misc{civ:review:nextgeneration,
  title={Rezension Civilization Next Generation},
  note={"Civilization", Next Generation Ausgabe Nummer 10, Oktober 1995},
  page={126},
  year={1995}
}
@online{civ:ressources,
  title={Liste an Ressourcen in Civilization},
  url={https://civilization.fandom.com/wiki/List_of_resources_in_Civ1},
  urldate={2022-08-04}
}
% /Civ
% Sim City 2000
@online{simcity:ea,
  title={Sim City 2000, EA},
  url={https://www.ea.com/de-de/games/simcity/simcity-2000#description},
  urldate={2022-08-05}
}
@online{simcity:igdb,
  title={IGDB Eintrag von Sim City 2000},
  url={https://www.igdb.com/games/simcity-2000},
  urldate={2022-08-05}
}
@online{simcity:somacon,
  title={Sim City 2000 Tipps und Tricks},
  url={https://www.somacon.com/p606.php},
  urldate={2022-08-05},
  year={1996}
}
@online{simcity:fandom,
  title={Liste aller Sim City 2000 Gebäude},
  url={https://simcity.fandom.com/wiki/List_of_SimCity_2000_buildings},
  urldate={2022-08-05}
}
@misc{simcity:video,
  author = {SergiuHellDragoonHQ},
  title = {SimCity 2000 - Gameplay (PC/HD)},
  url = {https://www.youtube.com/watch?v=jk7BkwksgX8},
  urldate={2022-08-05},
  note={Zeitstempel 9:34}
}
@online{simcity:arcology,
  title={Arcology in Sim City 2000},
  url={https://simcity.fandom.com/wiki/Arcology},
  urldate={2022-08-05}
}
@online{simcity:gameover,
  title={Screenshot Game Over in Sim City 2000},
  url={https://imgur.com/a/fuf0cf2},
  urldate={2022-08-05}
}
@online{misc:arcology,
  title={Was ist eine Arkologie},
  url={https://spiegato.com/de/was-ist-eine-arkologie},
  urldate={2022-08-05}
}
@online{simcity:review:allgame,
  title={AllGame Rezension zu Sim City 2000},
  url={https://web.archive.org/web/20141115005407/http://www.allgame.com/game.php?id=11771&tab=review},
  urldate={2022-08-05},
}
@online{simcity:review:macuser,
  title={MacUser Rezension zu Sim City 2000},
  url={https://web.archive.org/web/20000122070956/http://macuser.zdnet.com/mu_1295/personal/gameroom.html},
  year={1995},
  urldate={2022-08-05},
}

@misc{simcity:review:segasaturn,
  title={Review: Sim City 2000},
  note={"Sega Saturn Magazin", Ausgabe Nummer 1, November 1995},
  page={62},
  year={1995},
  author={Ed Lomas}
}

@online{simcity:manual,
  title={User Manual für Sim City 2000, digitalisiert},
  url={https://classicreload.com/sites/default/files/sim-city-2000-manual.pdf},
  urldate={2022-08-05},
}
@online{simcity:timeline,
  title={Timeline of SimCity},
  author={Cory Roberts},
  publisher={medium},
  day={15},
  month={January},
  year={2018},
  url={https://medium.com/shinkansen-retrogaming/timeline-of-simcity-5dbc81e2b764},
  urldate={2022-08-05},
}
% RimWorld

@online{rimworld:colonist,
  title={Colonist},
  url={https://rimworldwiki.com/wiki/Colonist},
  urldate={2022-08-09},
}
@online{rimworld:backstories,
  title={Backstories},
  url={https://rimworldwiki.com/wiki/Backstories},
  urldate={2022-08-09},
}
@online{rimworld:traits,
  title={Traits},
  url={https://rimworldwiki.com/wiki/Traits},
  urldate={2022-08-09},
}
@online{rimworld:mentalbreak,
  title={Mental Break},
  url={https://rimworldwiki.com/wiki/Mental_break},
  urldate={2022-08-09},
}
@online{rimworld:events,
  title={Events},
  url={https://rimworldwiki.com/wiki/Events},
  urldate={2022-08-09},
}
@online{rimworld:resources,
  title={Resources},
  url={https://rimworldwiki.com/wiki/Resources},
  urldate={2022-08-10},
}


@book{holtzblatt_beyer_1997, 
  place={San Francisco, CA}, 
  title={Contextual design: A customer-center approach to software design}, 
  publisher={Morgan Kaufmann}, 
  author={Holtzblatt, Karen and Beyer, Hugh}, 
  year={1997}, 
  pages={64 - 66}
} 

@book{baur_blasius, 
  place={Wiesbaden}, 
  title={Handbuch Methoden der Empirischen Sozialforschung}, 
  publisher={Springer Fachmedien Wiesbaden}, 
  author={Baur, Nina and Blasius Jörg}, 
  year={2014}
} 

 @book{lankoski_bjork, 
  place={Pittsburgh, PA}, 
  title={Game research methods: An overview}, 
  publisher={ETC Press}, 
  author={Lankoski, Petri and Bjork, Staffan}, 
  year={2015},
  page={95}
 } 
 @article{Evans2005TheVO,
  title={The value of online surveys},
  author={Joel R. Evans and Anil Mathur},
  journal={Internet Res.},
  year={2005},
  volume={15},
  pages={195-219}
}
@online{discord:usage,
  title={Discord},
  url={https://store.epicgames.com/en-US/news/what-is-discord-and-what-is-it-used-for#:~:text=Discord%20is%20a%20free%20communications,to%20connect%20with%20people%20online.},
  author={Craig Pearson},
  urldate={2022-08-15},
}
@online{discord:statistics,
  title={Discord Revenue and Usage Statistics (2022)},
  url={https://www.businessofapps.com/data/discord-statistics/},
  author={David Curry},
  urldate={2022-08-15},
}
@online{bees:definition,
  title={Honigbienen, Wildbienen und Co.},
  url={https://www.bmel.de/DE/themen/landwirtschaft/artenvielfalt/bienen-fuettern/honigbienen-wildbienen-und-co.html},
  urldate={2022-08-15},
}
@online{bees:name,
  title={Featured Creature: European Honey Bee},
  url={https://entnemdept.ufl.edu/creatures/misc/BEES/euro_honey_bee.htm},
  urldate={2022-08-15},
}
@online{bees:wild,
  title={Wildbienen und Honigbienen, Unterschiede und Gemeinsamkeiten},
  url={https://www.deutschewildtierstiftung.de/aktuelles/wildbienen-und-die-honigbiene-unterschiede-und-gemeinsamkeiten},
  urldate={2022-08-15},
}
@online{bees:food,
  title={Ernährung von Bienen},
  url={https://honig-und-bienen.de/ernaehrung-der-biene/},
  urldate={2022-08-15},
}
@online{bees:honeywinter,
  title={Nahrung der Bienen},
  url={https://www.die-honigbiene.de/nahrung-der-bienen.html},
  urldate={2022-08-15},
}
@online{bees:glucosefructose,
  title={Nicht alles, was nach Frucht klingt, ist automatisch auch gesund. Anders als häufig vermutet, ist Fructose weder "besser" noch "gesünder" als weißer Industriezucker.},
  url={https://www.minimed.at/medizinische-themen/stoffwechsel-verdauung/fructose/#:~:text=Gleich%20wie%20Glucose%2C%20der%20Traubenzucker,so%20hohe%20S%C3%BC%C3%9Fkraft%20wie%20Traubenzucker.},
  urldate={2022-08-15},
}
@online{bees:nectartohoney,
  title={Wie machen Bienen Honig aus Nektar?},
  url={https://www.t-online.de/leben/familie/id_69540058/wie-machen-bienen-honig-aus-nektar-.html},
  urldate={2022-08-15},
}
 @book{bees:frisch, 
  place={Berlin u.a}, 
  title={Aus dem Leben der Bienen}, 
  publisher={Springer}, 
  author={Frisch, Karl von}, 
  year={1977}
 } 
@online{bees:queen,
  title={Die Bienenkönigin},
  url={ https://www.bee-careful.com/de/initiative/die-bienenkoenigin/#:~:text=Neben%20dem%20Ablegen%20der%20Eier,auch%20w%C3%A4hrend%20des%20Schw%C3%A4rmens%20%E2%80%93%20zusammen.},
  urldate={2022-08-17},
}
@online{bees:caste,
  title={Kastensystem eines Bienenvolkes},
  url={http://www.wilhelms-hof.de/erklaerbaer/36-honigbaer/61-kastensystem-eines-bienenvolkes.html},
  urldate={2022-08-17},
}
@online{bees:homozygot,
  title={Homozygot und Heterozygot},
  url={https://studyflix.de/biologie/homozygot-und-heterozygot-2664},
  urldate={2022-08-17},
}
@online{bees:sex,
  title={Geschlechtsbestimmung bei Honigbienen},
  url={https://www.lernhelfer.de/schuelerlexikon/biologie-abitur/artikel/geschlechtsbestimmung-bei-honigbienen#},
  urldate={2022-08-17},
}
@online{bees:metamorphosisdefinition,
  title={Definition Metamorphose (engl. metamorphosis)},
  url={https://www.merriam-webster.com/dictionary/metamorphosis},
  urldate={2022-08-17},
}
@online{bees:swarm,
  title={Wie entsteht ein Bienenschwarm?},
  url={https://www.bee-careful.com/de/initiative/bienenschwarm/},
  urldate={2022-08-17},
}
@online{bees:winter,
  title={Was machen Honigbienen im Winter?},
  url={https://www.landwirtschaft.de/landwirtschaft-verstehen/haetten-sies-gewusst/tierhaltung/was-machen-honigbienen-im-winter#:~:text=Honigbienen%20machen%20keinen%20Winterschlaf.,der%20Traube%20sitzt%20die%20K%C3%B6nigin.},
  urldate={2022-08-17},
}
@online{bees:lifeexpectancy,
  title={Wie lange leben Bienen?},
  url={https://bienen.info/wie-lange-leben-bienen/},
  urldate={2022-08-17},
}
@online{world:grids,
  title={Amits Thoughts on Grids},
  url={http://www-cs-students.stanford.edu/~amitp/game-programming/grids/},
  urldate={2022-08-21},
}
@online{world:tutorial,
  title={Catlike Coding Hex Map Tutorial},
  url={https://catlikecoding.com/unity/tutorials/hex-map/},
  urldate={2022-09-14},
}
@online{asset:namegenerator,
  title={Random Generator - Itay Sagui},
  url={https://assetstore.unity.com/packages/tools/input-management/random-generator-118768},
  urldate={2022-09-15},
}
 @book{ries_2017, 
  place={New York}, 
  title={The Lean Startup: How Today's entrepreneurs use continuous innovation to create radically successful businesses}, 
  publisher={Currency}, 
  author={Ries, Eric}, 
  year={2017}
 } 
@online{repository,
  title={Repository des Prototyp},
  url={https://github.com/ProgFroz/hexabees},
  urldate={2022-09-18},
}
@online{unittests,
  title={Unit testing in video games},
  url={https://www.gamedeveloper.com/programming/unit-testing-in-video-games},
  urldate={2022-09-21},
  author={Francois Guibert},
  day={12},
  month={June},
  year={2017}
}
@online{sumeriangame,
  title={THE SUMERIAN GAME: THE MOST IMPORTANT VIDEO GAME YOU’VE NEVER HEARD OF},
  url={https://www.acriticalhit.com/sumerian-game-most-important-video-game-youve-never-heard/},
  urldate={2022-09-21},
  author={Critical Kate Willaert}
}
@online{rmgstatistics,
  title={Resource Management Games – Steam Marketing Tool},
  url={https://games-stats.com/steam/?tag=resource-management},
  urldate={2022-09-21}
}
@online{whygameengine,
  title={The What and Why of Game Engines},
  url={https://medium.com/@jaredehalpern/the-what-and-why-of-game-engines-f2b89a46d01f#:~:text=Game%20engines%20provide%20tremendous%20efficiency,entirely%20on%20writing%20gameplay%20code.},
  urldate={2022-09-21},
  author={Jared Halpern},
  day={11},
  month={December},
  year={2018}
}
@online{mostusedengines,
  title={Most used Engines},
  url={https://itch.io/game-development/engines/most-projects},
  urldate={2022-09-21}
}
@online{unity,
  title={Unity},
  url={https://unity.com/},
  urldate={2022-09-21}
}
